%% This BibTeX bibliography file was created using BibDesk.
%% https://bibdesk.sourceforge.io/

%% Created for 张桄玮 at 2023-11-24 22:42:32 +0800 


%% Saved with string encoding Unicode (UTF-8) 



@book{probus,
	author = {William Feller},
	date-added = {2023-11-24 22:41:37 +0800},
	date-modified = {2023-11-24 22:42:18 +0800},
	edition = {3},
	publisher = {人民邮电出版社},
	title = {概率论及其应用},
	volume = {1},
	year = {2006}}

@book{probrussian,
	author = {施利亚耶夫},
	date-added = {2023-11-24 22:40:23 +0800},
	date-modified = {2023-11-24 22:41:11 +0800},
	publisher = {高等教育出版社 },
	title = {概率},
	volume = {1},
	bdsk-file-1 = {YnBsaXN0MDDSAQIDBFxyZWxhdGl2ZVBhdGhZYWxpYXNEYXRhbxA6AC4ALgAvAC4ALgAvAC4ALgAvAEQAbwB3AG4AbABvAGEAZABzAC9pgnOHACB7LAAxU3cAt0/ui6JUjIhlUUV7LAAzckgAIAAoZb1SKU6agDZZKwApACAAKABaAC0ATABpAGIAcgBhAHIAeQApAC4AcABkAGZPEQHoAAAAAAHoAAIAAAxNYWNpbnRvc2ggSEQAAAAAAAAAAAAAAAAAAADhK85+QkQAAf////8QPz8/I0ZGRkZGRkZGLnBkZgAAAAAAAAAAAAAAAAAAAAAAAAAAAAAAAAAAAAAAAAAAAAAAAAAAAAAAAAAAAAAA/////+FpgXcAAAAAAAAAAAADAAIAAAogY3UAAAAAAAAAAAAAAAAACURvd25sb2FkcwAAAgBeLzpVc2Vyczp6Z3c6RG93bmxvYWRzOuamgueOhyDnrKwx5Y23wrfkv67orqLlkozooaXlhYXnrKwz54mIICjmlr3liKnkuprogLblpKspIChaLUxpYnJhcnkpLnBkZgAOAFAAJ2mCc4cAIHssADFTdwC3T+6LolSMiGVRRXssADNySAAgAChlvVIpTpqANlkrACkAIAAoAFoALQBMAGkAYgByAGEAcgB5ACkALgBwAGQAZgAPABoADABNAGEAYwBpAG4AdABvAHMAaAAgAEgARAASAFxVc2Vycy96Z3cvRG93bmxvYWRzL+amgueOhyDnrKwx5Y23wrfkv67orqLlkozooaXlhYXnrKwz54mIICjmlr3liKnkuprogLblpKspIChaLUxpYnJhcnkpLnBkZgATAAEvAAAVAAIACv//AAAACAANABoAJACbAAAAAAAAAgEAAAAAAAAABQAAAAAAAAAAAAAAAAAAAoc=}}

@book{probzjuans,
	author = {盛 骤 谢式千 潘承毅},
	date-added = {2023-11-24 22:36:50 +0800},
	date-modified = {2023-11-24 22:37:41 +0800},
	edition = {4},
	publisher = {高等教育出版社},
	title = {概率论与数理统计习题全解指南},
	year = {2008},
	bdsk-file-1 = {YnBsaXN0MDDSAQIDBFxyZWxhdGl2ZVBhdGhZYWxpYXNEYXRhbxBKAC4ALgAvAC4ALgAvAC4ALgAvAEQAbwB3AG4AbABvAGEAZABzAC9pgnOHi7pODmVwdAZ+34uhTmCYmFFoieNjB1NXAChtWVkneywANHJIACkAIAAobVlsX1knW2YAIHbbmqQAIIwiXw9TQwAgb1hif2vFACkAIAAoAFoALQBMAGkAYgByAGEAcgB5ACkALgBwAGQAZk8RAmAAAAAAAmAAAgAADE1hY2ludG9zaCBIRAAAAAAAAAAAAAAAAAAAAOErzn5CRAAB/////xA/Pz8jRkZGRkZGRkYucGRmAAAAAAAAAAAAAAAAAAAAAAAAAAAAAAAAAAAAAAAAAAAAAAAAAAAAAAAAAAAAAAD/////4U+EOAAAAAAAAAAAAAMAAgAACiBjdQAAAAAAAAAAAAAAAAAJRG93bmxvYWRzAAACAIkvOlVzZXJzOnpndzpEb3dubG9hZHM65qaC546H6K665LiO5pWw55CG57uf6K6h5Lmg6aKY5YWo6Kej5oyH5Y2XKOa1meWkp+esrDTniYgpICjmtZnmsZ/lpKflraYg55ub6aqkIOiwouW8j+WNgyDmvZjmib/mr4UpIChaLUxpYnJhcnkpLnBkZgAADgBwADdpgnOHi7pODmVwdAZ+34uhTmCYmFFoieNjB1NXAChtWVkneywANHJIACkAIAAobVlsX1knW2YAIHbbmqQAIIwiXw9TQwAgb1hif2vFACkAIAAoAFoALQBMAGkAYgByAGEAcgB5ACkALgBwAGQAZgAPABoADABNAGEAYwBpAG4AdABvAHMAaAAgAEgARAASAIdVc2Vycy96Z3cvRG93bmxvYWRzL+amgueOh+iuuuS4juaVsOeQhue7n+iuoeS5oOmimOWFqOino+aMh+WNlyjmtZnlpKfnrKw054mIKSAo5rWZ5rGf5aSn5a2mIOebm+mqpCDosKLlvI/ljYMg5r2Y5om/5q+FKSAoWi1MaWJyYXJ5KS5wZGYAABMAAS8AABUAAgAK//8AAAAIAA0AGgAkALsAAAAAAAACAQAAAAAAAAAFAAAAAAAAAAAAAAAAAAADHw==}}

@book{probzju,
	author = {盛骤, 谢式千, 潘承毅},
	date-added = {2023-11-24 22:35:01 +0800},
	date-modified = {2023-11-24 22:36:05 +0800},
	edition = {4},
	publisher = {高等教育出版社},
	title = {概率论与数理统计 },
	year = {2008},
	bdsk-file-1 = {YnBsaXN0MDDSAQIDBFxyZWxhdGl2ZVBhdGhZYWxpYXNEYXRhbxA3AC4ALgAvAC4ALgAvAC4ALgAvAEQAbwB3AG4AbABvAGEAZABzAC9tWVknMAppgnOHi7pODmVwdAZ+34uhMAt7LFbbckgAIAAobVlZJwApACAAKABaAC0ATABpAGIAcgBhAHIAeQApAC4AcABkAGZPEQHeAAAAAAHeAAIAAAxNYWNpbnRvc2ggSEQAAAAAAAAAAAAAAAAAAADhK85+QkQAAf////8QPz8/I0ZGRkZGRkZGLnBkZgAAAAAAAAAAAAAAAAAAAAAAAAAAAAAAAAAAAAAAAAAAAAAAAAAAAAAAAAAAAAAA/////+FPfkMAAAAAAAAAAAADAAIAAAogY3UAAAAAAAAAAAAAAAAACURvd25sb2FkcwAAAgBcLzpVc2Vyczp6Z3c6RG93bmxvYWRzOua1meWkp+OAiuamgueOh+iuuuS4juaVsOeQhue7n+iuoeOAi+esrOWbm+eJiCAo5rWZ5aSnKSAoWi1MaWJyYXJ5KS5wZGYADgBKACRtWVknMAppgnOHi7pODmVwdAZ+34uhMAt7LFbbckgAIAAobVlZJwApACAAKABaAC0ATABpAGIAcgBhAHIAeQApAC4AcABkAGYADwAaAAwATQBhAGMAaQBuAHQAbwBzAGgAIABIAEQAEgBaVXNlcnMvemd3L0Rvd25sb2Fkcy/mtZnlpKfjgIrmpoLnjoforrrkuI7mlbDnkIbnu5/orqHjgIvnrKzlm5vniYggKOa1meWkpykgKFotTGlicmFyeSkucGRmABMAAS8AABUAAgAK//8AAAAIAA0AGgAkAJUAAAAAAAACAQAAAAAAAAAFAAAAAAAAAAAAAAAAAAACdw==}}

@book{probcug,
	author = {刘安平, 肖海军, 奚先, 田木生},
	date-added = {2023-11-24 22:32:59 +0800},
	date-modified = {2023-11-24 22:34:10 +0800},
	publisher = {科学出版社},
	title = {概率论与数理统计},
	year = {2019}}

@book{probpku,
	author = {陈家鼎, 郑忠国},
	date-added = {2023-11-24 22:29:09 +0800},
	date-modified = {2023-11-24 22:36:16 +0800},
	publisher = {北京大学出版社},
	title = {概率与统计},
	year = {2002}}

@electronic{goemans,
	annote = {https://math.mit.edu/~goemans/18310S15/chernoff-notes.pdf},
	author = {Michel Goemans},
	date-added = {2023-11-24 22:26:00 +0800},
	date-modified = {2023-11-24 22:28:51 +0800},
	rating = {0},
	read = {0},
	rss-description = {https://math.mit.edu/~goemans/18310S15/chernoff-notes.pdf},
	title = {Chernoff bounds, and some applications},
	urldate = {February 21, 2015},
	bdsk-url-1 = {https://math.mit.edu/~goemans/18310S15/chernoff-notes.pdf}}

@book{mitzenmacher_upfal_2005,
	author = {Mitzenmacher, Michael and Upfal, Eli},
	doi = {10.1017/CBO9780511813603},
	place = {Cambridge},
	publisher = {Cambridge University Press},
	title = {Probability and Computing: Randomized Algorithms and Probabilistic Analysis},
	year = {2005},
	bdsk-url-1 = {https://doi.org/10.1017/CBO9780511813603},
	bdsk-file-1 = {YnBsaXN0MDDSAQIDBFxyZWxhdGl2ZVBhdGhZYWxpYXNEYXRhXxCpLi4vLi4vLi4vRG93bmxvYWRzL1Byb2JhYmlsaXR5IGFuZCBDb21wdXRpbmcgUmFuZG9taXphdGlvbiBhbmQgUHJvYmFiaWxpc3RpYyBUZWNobmlxdWVzIGluIEFsZ29yaXRobXMgYW5kIERhdGEgQW5hbHlzaXMgKE1pY2hhZWwgTWl0emVubWFjaGVyLCBFbGkgVXBmYWwpIChaLUxpYnJhcnkpLnBkZk8RA2IAAAAAA2IAAgAADE1hY2ludG9zaCBIRAAAAAAAAAAAAAAAAAAAAOErzn5CRAAB/////x9Qcm9iYWJpbGl0eSBhbmQgQ28jRkZGRkZGRkYucGRmAAAAAAAAAAAAAAAAAAAAAAAAAAAAAAAAAAAAAAAAAAD/////4XpTuAAAAAAAAAAAAAMAAgAACiBjdQAAAAAAAAAAAAAAAAAJRG93bmxvYWRzAAACAKwvOlVzZXJzOnpndzpEb3dubG9hZHM6UHJvYmFiaWxpdHkgYW5kIENvbXB1dGluZyBSYW5kb21pemF0aW9uIGFuZCBQcm9iYWJpbGlzdGljIFRlY2huaXF1ZXMgaW4gQWxnb3JpdGhtcyBhbmQgRGF0YSBBbmFseXNpcyAoTWljaGFlbCBNaXR6ZW5tYWNoZXIsIEVsaSBVcGZhbCkgKFotTGlicmFyeSkucGRmAA4BLgCWAFAAcgBvAGIAYQBiAGkAbABpAHQAeQAgAGEAbgBkACAAQwBvAG0AcAB1AHQAaQBuAGcAIABSAGEAbgBkAG8AbQBpAHoAYQB0AGkAbwBuACAAYQBuAGQAIABQAHIAbwBiAGEAYgBpAGwAaQBzAHQAaQBjACAAVABlAGMAaABuAGkAcQB1AGUAcwAgAGkAbgAgAEEAbABnAG8AcgBpAHQAaABtAHMAIABhAG4AZAAgAEQAYQB0AGEAIABBAG4AYQBsAHkAcwBpAHMAIAAoAE0AaQBjAGgAYQBlAGwAIABNAGkAdAB6AGUAbgBtAGEAYwBoAGUAcgAsACAARQBsAGkAIABVAHAAZgBhAGwAKQAgACgAWgAtAEwAaQBiAHIAYQByAHkAKQAuAHAAZABmAA8AGgAMAE0AYQBjAGkAbgB0AG8AcwBoACAASABEABIAqlVzZXJzL3pndy9Eb3dubG9hZHMvUHJvYmFiaWxpdHkgYW5kIENvbXB1dGluZyBSYW5kb21pemF0aW9uIGFuZCBQcm9iYWJpbGlzdGljIFRlY2huaXF1ZXMgaW4gQWxnb3JpdGhtcyBhbmQgRGF0YSBBbmFseXNpcyAoTWljaGFlbCBNaXR6ZW5tYWNoZXIsIEVsaSBVcGZhbCkgKFotTGlicmFyeSkucGRmABMAAS8AABUAAgAK//8AAAAIAA0AGgAkANAAAAAAAAACAQAAAAAAAAAFAAAAAAAAAAAAAAAAAAAENg==}}
